4432 5700
834 333 1075 411 Imroductio.

703 565 763 640 'fr
792 566 868 641 ms,
897 567 976 642 νυ»
1091 568 1192 643 ruff·

158 709 235 806 Qui
264 710 409 786 valeres
440 710 620 787 tabulaeI
651 710 875 786 inscribendi
899 728 997 805 sunt,
1032 728 1142 817 atque
1171 710 1305 789 deinde
1331 715 1478 790 tabulae
1493 715 1531 789 Π
1558 715 1656 819 apud
1684 744 1739 793 ar-

157 854 327 940 gumenta
358 867 423 941 rs,
457 866 541 941 νη,
570 867 654 942 r3s,
768 868 836 941 ῃ]
870 838 1094 915 inscribendi
1128 846 1273 917 numeri
1300 844 1362 948 Γ,
1393 844 1469 949 af',
1500 843 1561 948 3Γ
1589 899 1624 919 ..
1653 844 1738 949 ηΓ.

158 963 329 1059 Quorum
354 992 438 1068 pars
464 970 536 1039 iam
561 967 696 1041 tabulis
720 970 895 1070 iuscripta
925 985 1035 1043 extat.

295 1093 363 1167 Est
392 1094 592 1168 verificatio
624 1120 701 1167 non
732 1093 965 1197 negligenda,
998 1092 1134 1169 residui
1164 1098 1304 1171 inventi
1334 1124 1383 1198 rs
1410 1113 1634 1199 potestatum
1664 1101 1756 1201 pri·⁸

156 1244 256 1312 mae,
285 1217 486 1313 secundae,
597 1223 671 1326 Γ·ο
697 1247 774 1297 esse
800 1221 945 1296 residua
971 1248 1144 1298 numeros
1171 1226 1341 1298 inventos
1373 1252 1458 1326 eff,
1487 1251 1571 1329 ms,
1598 1279 1630 1300 ..
1654 1253 1737 1330 rss,

157 1373 317 1451 quorum
338 1364 548 1450 postremus
575 1365 630 1424 est
654 1353 734 1452 ipse
760 1375 933 1424 numerus
960 1378 998 1424 α.

297 1471 338 1548 Si
360 1476 465 1578 f:
487 1501 517 1568 1,
551 1521 592 1536 -
623 1492 660 1550 et
691 1503 774 1552 raro
809 1502 912 1552 secus
946 1480 1067 1553 evenit
1097 1521 1138 1536 -
1175 1480 1246 1551 iam
1272 1474 1481 1552 tabularum
1514 1483 1739 1555 constructio

156 1599 325 1674 absoluta
352 1617 418 1675 est.
473 1602 517 1676 Si
540 1604 574 1676 η’
600 1618 652 1677 est
677 1631 852 1679 numerus
874 1615 1025 1706 primus,
1049 1632 1190 1707 semper
1215 1615 1283 1679 em't
1302 1603 1352 1708 Γ
1368 1639 1414 1673 =
1433 1630 1461 1679 1.
1517 1605 1558 1681 si
1583 1635 1608 1681 α
1626 1632 1736 1700 :10,

156 1730 321 1829 sequitur
355 1755 375 1802 e
409 1755 517 1832 supra
552 1733 742 1834 appositis,
775 1757 1015 1806 numerorum
1047 1735 1253 1834 primorum
1284 1750 1337 1806 aas
1368 1732 1463 1806 inira
1494 1755 1565 1806 2500
1596 1750 1740 1808 tantum

156 1879 233 1927 esse
262 1874 311 1947 70,
340 1858 415 1931 sive
438 1884 531 1957 pars
556 1866 685 1958 quinta
709 1860 866 1950 circiter,
895 1884 965 1961 pro
993 1862 1127 1961 quibus
1153 1861 1188 1932 n'
1212 1886 1290 1935 non
1316 1876 1371 1935 est
1390 1886 1562 1935 numerus
1582 1864 1737 1964 primus.

155 1978 197 2054 Si
210 1984 374 2083 insuper,
406 1979 507 2084 quod
530 1987 608 2057 sine
627 1988 776 2085 negotio
795 1983 851 2077 fit,
880 2012 1073 2060 numerum
1094 1986 1115 2059 d
1136 1989 1186 2060 ita
1205 1986 1320 2087 eligis,
1348 2002 1391 2060 ut
1410 2013 1532 2089 neque
1552 1985 1740 2060 residuum

156 2105 409 2210 quadraticum
435 2113 493 2202 sit,
523 2136 659 2213 neque,
690 2114 720 2184 si
746 2112 781 2185 η’
805 2138 875 2214 per
898 2121 932 2185 2'
964 2110 1099 2189 divisus
1124 2117 1244 2215 impar
1269 2128 1336 2204 est,
1365 2112 1551 2187 residuum
1577 2129 1738 2216 potesta·

153 2240 199 2310 tis
224 2226 278 2309 θ’
308 2240 345 2309 in
373 2236 545 2311 columna
562 2237 598 2310 A
620 2240 827 2314 inveniatur
847 2243 923 2315 sive
943 2243 1038 2313 inter
1061 2265 1233 2313 numeros
1254 2268 1329 2331 r,·,·,
1358 2250 1426 2313 erit
1440 2241 1489 2344 Γ
1505 2267 1645 2320 semper
1662 2251 1739 2314 uni·

154 2373 224 2435 tati
247 2368 423 2465 aequalis,
447 2375 480 2438 si
503 2365 537 2438 η’
558 2392 628 2466 per
644 2373 679 2436 a'
701 2362 832 2440 dirr'sus
855 2381 905 2439 est
932 2393 1107 2441 numerus
1128 2377 1276 2467 primus.
1316 2366 1413 2441 Hinc
1434 2392 1491 2441 ex.
1509 2394 1579 2468 gn,
1602 2382 1737 2441 statuto

155 2517 180 2563 α
191 2522 235 2556 =
244 2500 289 2574 ὲ
298 2515 341 2579 10,
356 2517 376 2564 e
388 2489 513 2564 tabula
528 2495 696 2594 apposita
711 2518 948 2566 numerorum
961 2496 1166 2597 primorum
1180 2497 1276 2568 inter
1289 2516 1342 2566 000
1356 2509 1393 2568 et
1408 2516 1477 2566 1000
1490 2509 1632 2568 tantum
1646 2491 1740 2569 duos

155 2617 310 2708 iuvenis,
340 2641 411 2718 pro
440 2617 593 2718 quibus,
623 2644 777 2691 numero
806 2619 828 2692 ὂ
855 2615 955 2692 dicto
981 2617 1095 2694 modo
1123 2620 1256 2712 electo,
1286 2646 1364 2694 non
1389 2624 1435 2695 sit
1460 2624 1665 2696 necessario
1687 2621 1738 2726 Γ

154 2745 286 2814 unitati
302 2742 477 2844 aequalis,
502 2740 672 2818 videlicet
687 2762 737 2819 071
754 2759 791 2817 et
805 2764 871 2835 050,
893 2769 965 2846 pro
981 2747 1114 2847 quibus
1129 2762 1184 2820 est
1203 2747 1238 2819 η’
1250 2779 1294 2814 =
1308 2759 1357 2840 st,
1381 2748 1416 2822 η’
1427 2781 1472 2816 =
1485 2772 1542 2841 3³3
1572 2752 1738 2823 omnium

154 2894 243 2943 vero
262 2894 500 2943 numerorum
518 2871 722 2971 primorum
743 2884 796 2943 365
816 2869 910 2943 infra
932 2893 1005 2944 2500
1021 2886 1164 2946 tantum
1191 2889 1298 2947 erum
1326 2898 1373 2966 11,
1400 2901 1471 2976 pro
1497 2876 1644 2976 quibus,
1673 2875 1737 2951 illa

154 2999 192 3069 in
219 2994 388 3098 eligendo
416 2996 438 3069 d
464 2999 633 3069 cautione
668 2993 845 3088 adhibita,
869 2996 919 3101 Γ
944 3023 1022 3071 nou
1047 3001 1094 3074 sit
1118 3008 1322 3074 necessario
1347 3032 1392 3067 =
1418 3025 1447 3073 ι.
1500 3001 1550 3074 Et
1582 2999 1736 3103 probis

154 3121 274 3196 adhuc
289 3151 471 3225 perquam
492 3122 681 3224 probabile
706 3138 773 3215 est,
791 3123 843 3228 Γ
868 3126 939 3227 ipsi
964 3127 1095 3199 unitati
1115 3125 1306 3229 aequalem
1324 3124 1418 3200 lore.
1464 3123 1638 3201 Ceterum
1659 3153 1737 3201 nou

154 3248 253 3324 aliud
274 3254 518 3324 nanciscimur
536 3246 779 3325 commodum,
797 3248 994 3325 efficiendo
1008 3252 1058 3355 Γ
1078 3257 1208 3327 unitati
1230 3252 1435 3356 aequalem,
1452 3256 1523 3328 nisi
1542 3253 1735 3328 uniformi-

153 3392 264 3452 tatem
284 3381 556 3480 operationum.
599 3374 750 3451 Scilicet
769 3374 806 3451 id
827 3392 968 3453 tantum
988 3376 1183 3455 discrimen
1201 3383 1284 3473 erit,
1307 3396 1349 3454 ut
1369 3377 1469 3454 idem
1488 3384 1677 3483 negotium
1696 3384 1737 3455 iu

155 3504 262 3607 plura
289 3531 327 3580 se
353 3502 505 3597 dividat,
535 3507 702 3596 seorsim,
739 3501 803 3578 sed
831 3502 959 3579 eadem
985 3509 1129 3581 ratione
1155 3533 1197 3580 ac
1223 3506 1397 3582 facilitate
1424 3505 1668 3608 transigenda.

295 3630 543 3736 Quamquam,
581 3630 677 3705 dicta
708 3634 879 3707 cautione
911 3629 1089 3725 adhibita,
1124 3635 1297 3708 omnibus
1328 3635 1469 3708 casibus
1497 3638 1567 3708 nisi
1593 3635 1640 3708 ab
1666 3638 1735 3708 ini·

153 3760 220 3850 tio,
251 3775 349 3834 certe
376 3777 464 3863 post
488 3784 672 3863 perpauca
696 3762 896 3833 tentamina
920 3785 1094 3833 uumerus
1120 3759 1143 3834 b
1168 3763 1364 3852 invenitur,
1393 3784 1463 3862 pro
1491 3785 1567 3862 quo
1597 3764 1736 3835 eruitur

142 3885 191 3989 Γ
210 3917 256 3954 =
278 3911 306 3978 1,
335 3902 459 3960 tamen
483 3902 526 3960 ut
550 3889 790 3960 tentaminum
817 3888 969 3960 omnino
994 3885 1099 3991 locus
1126 3913 1203 3961 non
1228 3891 1288 3980 sit,
1316 3890 1442 3990 paucis
1464 3884 1609 3979 addam,
1641 3912 1733 3991 quo·

154 4010 267 4085 modo
294 4013 502 4087 tabularum
527 4016 752 4088 constructio
779 4010 1004 4116 perficienda
1031 4017 1090 4106 sit,
1120 4016 1151 4088 si
1175 4040 1348 4089 numerus
1363 4015 1414 4120 Γ
1441 4015 1488 4087 ab
1512 4016 1652 4088 unitate
1679 4013 1733 4089 di·

152 4165 277 4216 versus
311 4156 377 4214 est.
424 4140 590 4215 Vocetur
612 4141 643 4216 B
670 4140 885 4243 complexus
915 4134 1156 4215 numerorum
1181 4169 1239 4244 rs,
1267 4168 1350 4242 r2s,
1384 4193 1418 4215 ..
1446 4168 1545 4244 ''nsfr
1576 4166 1735 4243 quorum

152 4284 360 4370 postremus
378 4270 510 4342 unitati
527 4268 688 4371 aequalis
710 4284 776 4342 est.
819 4267 877 4343 Sit
896 4295 917 4343 c
935 4284 1188 4371 argumentum
1206 4272 1399 4343 minimum
1417 4267 1477 4344 vel
1494 4264 1594 4342 aliud
1614 4264 1733 4369 quod-

152 4394 246 4470 libet
269 4394 417 4470 tabulae
430 4396 481 4487 H,
512 4401 571 4471 cui
594 4397 699 4471 locus
724 4395 871 4470 tabulae
897 4420 1031 4470 vacuus
1057 4392 1270 4498 respondet,
1297 4392 1398 4469 unde
1424 4398 1455 4469 si
1480 4397 1668 4469 statuimus

695 4551 894 4654 '⁰³0'
946 4546 1141 4650 (mode),

154 4726 223 4798 erit
248 4720 264 4798 l
287 4750 355 4826 per
374 4723 422 4828 Γ
448 4749 526 4797 non
551 4721 754 4799 divisibilis.
811 4720 1044 4817 Quaerantur
1074 4719 1218 4798 residua
1243 4736 1467 4824 potestatum
1492 4723 1605 4825 ipsius
1630 4747 1652 4795 c
1676 4745 1732 4796 se·

155 4848 309 4945 cuudae,
344 4853 473 4926 tertiae
504 4866 576 4926 cet.
611 4854 731 4954 sitque
762 4846 825 4925 οἷ’
857 4865 1020 4952 potestas
1050 4848 1188 4941 infima,
1224 4845 1321 4951 apud
1353 4853 1455 4923 cuius
1480 4846 1667 4922 residuum
1691 4863 1733 4921 ut

1375 4972 1450 5077 [dl
