4432 5700
317 345 368 395 xx
986 313 1227 391 Introductio.

317 552 344 600 a
373 526 533 630 primae,
572 520 772 615 secundae,
808 525 936 597 tertiae
971 539 1042 597 cet.
1098 521 1282 598 Columna
1315 545 1361 596 eo
1393 546 1510 624 usque
1543 514 1792 595 continuanda
1826 533 1903 611 est,

317 649 406 727 dum
432 649 477 724 ad
505 661 680 725 nudatam
705 653 953 754 perveniatur3
989 676 1082 751 quae
1109 653 1139 724 si
1165 659 1224 722 71⁸¹·
1249 673 1422 723 numerus
1447 647 1641 722 columnae
1668 662 1735 737 est,
1766 660 1906 720 notum

318 796 373 855 est
405 804 482 853 esse
516 806 543 851 n
568 777 746 851 factorem
777 780 889 880 ipsius
911 805 991 877 p-
1006 802 1036 869 1,
1065 775 1248 878 simulque
1275 781 1344 849 erit
1368 803 1395 849 n
1419 800 1592 849 numerus
1617 784 1795 857 nmrimus,
1826 795 1904 875 pro

317 931 394 1009 quo
428 904 608 979 habeatur
640 913 677 978 a*
696 925 771 978 Ξ1
798 901 917 999 (mod.
936 908 994 1004 p),
1028 906 1104 980 sive
1138 907 1208 977 erit
1238 930 1265 978 a
1294 900 1397 976 radix
1425 905 1607 1005 primitiva
1636 901 1904 1003 congruentiae

315 1041 360 1106 ω·
379 1056 453 1108 Ξ1
484 1028 673 1132 (modp).
728 1027 840 1105 Unde
866 1032 1043 1132 sequitur,
1072 1034 1196 1133 posito
1223 1029 1258 1103 η’
1274 1063 1319 1100 =
1339 1023 1412 1138 Ρ-ηἶὲ
1444 1055 1486 1103 ac
1518 1027 1716 1103 denotante
1744 1053 1775 1130 g
1799 1022 1902 1100 radi-

317 1184 397 1235 cem
419 1161 640 1261 primitivam
666 1160 925 1259 congruentiae
951 1158 1007 1228 ΞΜ
1017 1177 1100 1230 zo
1117 1155 1235 1254 (mod.
1248 1160 1306 1257 p),
1336 1155 1417 1230 fieri
1440 1182 1470 1258 g
1495 1153 1658 1229 radicem
1679 1162 1903 1254 proraitiram

315 1288 428 1389 ipsius
450 1313 490 1385 p.
547 1282 653 1377 Quae
677 1283 785 1358 simul
812 1286 927 1387 accipi
952 1286 1091 1386 poterit
1115 1310 1186 1387 pro
1213 1283 1293 1358 bosi
1315 1283 1472 1357 tabulae.

457 1409 576 1514 Saepe
604 1414 759 1501 eveniet,
788 1426 830 1485 ut
854 1409 1034 1485 habeatur
1059 1439 1086 1484 n
1102 1443 1146 1478 =
1159 1439 1186 1511 p
1201 1455 1243 1471 -
1259 1436 1288 1502 1,
1317 1413 1392 1486 sive
1417 1424 1459 1484 ut
1484 1412 1531 1484 sit
1550 1436 1576 1482 a
1598 1412 1677 1510 ipsa
1694 1403 1798 1481 radix
1818 1407 1900 1508 pri·

315 1541 453 1630 mitiva,
490 1563 585 1640 quae
616 1563 686 1640 pro
717 1538 796 1611 basi
825 1536 972 1611 tabulae
999 1564 1031 1640 g
1062 1540 1272 1640 accipiatur.
1325 1537 1383 1611 Eo
1411 1562 1496 1611 casu
1523 1534 1694 1609 columna
1719 1532 1755 1606 A
1779 1535 1902 1635 ipsam

314 1665 512 1742 tabulaml
537 1661 748 1768 suppeditat
773 1667 848 1739 sive
873 1665 1040 1739 tabulam
1065 1690 1314 1749 numerorum,
1339 1667 1473 1766 inqua
1500 1665 1736 1738 inveniuntur
1752 1655 1903 1732 residua

317 1794 483 1866 omnium
510 1789 641 1865 radicis
666 1794 870 1894 primitivae
896 1807 1133 1894 potestatum,
1162 1794 1315 1894 primae,
1345 1788 1539 1881 sectmdae,
1568 1791 1697 1863 tertiae
1714 1809 1831 1887 usque
1849 1781 1901 1858 ad

317 1921 520 2021 (p-1)‘·¹',
556 1921 658 1992 cuius
688 1915 876 1992 residuum
905 1921 976 2021 ipsi
1001 1921 1133 1992 unitati
1164 1917 1317 2019 aequale
1350 1916 1405 1991 fit.
1459 1919 1683 2017 Argumenta
1708 1912 1816 1987 huius
1841 1927 1900 1985 ta·

314 2045 424 2120 bulae
450 2060 536 2119 sunt
562 2060 787 2148 exponentes
813 2070 878 2119 seu
904 2043 1038 2119 indices
1064 2070 1093 2135 1,
1115 2066 1146 2136 a,
1167 2067 1184 2117 s
1205 2073 1336 2145 ..p-
1353 2071 1380 2137 r,
1410 2047 1485 2120 sive
1513 2046 1581 2118 erit
1598 2065 1771 2116 numerus
1788 2039 1899 2112 tabu·

314 2172 371 2248 lae
398 2201 428 2267 r,
456 2189 670 2274 argumento
696 2182 711 2246 i
732 2168 961 2275 respondens
986 2170 1069 2246 talis
1094 2187 1137 2245 ut
1161 2169 1340 2245 habeatur

915 2344 960 2448 g‘
983 2366 1027 2419 Ξ
1042 2372 1072 2438 r,
1098 2342 1216 2441 (mod.
1234 2348 1292 2446 p).

313 2544 470 2622 Numeri
500 2573 531 2639 r,
569 2571 697 2621 omnes
727 2549 823 2620 inter
855 2571 894 2620 se
926 2543 1058 2623 diversi
1090 2561 1187 2639 sunt,
1222 2545 1322 2621 unde
1353 2549 1393 2620 in
1417 2545 1542 2621 tabula
1568 2545 1724 2622 inveniri
1758 2539 1899 2617 debent

317 2700 444 2748 omnes
469 2676 613 2747 numeri
641 2699 669 2765 1,
690 2696 707 2746 2
728 2726 761 2747 ..
779 2697 885 2775 p-1
913 2698 1035 2775 neque
1061 2671 1159 2748 idem
1184 2675 1255 2749 bis.

454 2798 616 2892 Deinde,
652 2816 693 2874 ut
722 2826 793 2904 pro
826 2799 996 2903 quolibet
1023 2799 1109 2875 dato
1135 2799 1284 2877 residuo
1307 2804 1429 2877 statim
1457 2802 1566 2875 etiam
1589 2801 1670 2875 vice
1694 2823 1797 2875 versa
1828 2795 1896 2871 ha·

313 2930 445 3004 beatur
461 2925 574 3000 indae
595 2930 670 3003 sive
698 2953 886 3031 exponens
904 2931 1109 3032 potestatis,
1139 2933 1209 3031 ipsi
1234 2926 1383 3002 residuo
1409 2952 1604 3030 congruae,
1633 2927 1815 3001 formetur
1838 2939 1895 3000 ta-

313 3054 401 3130 bula
419 3054 457 3128 11
481 3057 556 3130 sive
578 3055 707 3129 tabula
723 3054 893 3139 indicum,
918 3058 1021 3129 cuius
1047 3071 1258 3157 argumenta
1284 3058 1356 3129 sint
1382 3058 1525 3128 numeri
1552 3079 1582 3146 1,
1603 3077 1633 3146 a,
1654 3077 1671 3126 s
1767 3081 1847 3153 p-
1861 3075 1894 3144 1,

315 3198 352 3257 et
378 3185 437 3256 cui
461 3183 706 3255 inscribantur
730 3178 842 3255 iidem
863 3184 1011 3285 numeri
1040 3206 1068 3272 1,
1090 3203 1106 3254 2
1127 3208 1285 3284 ..p-1
1313 3185 1356 3256 iis
1381 3180 1486 3274 locis,
1517 3185 1582 3284 qui
1607 3184 1810 3284 respective
1836 3204 1894 3252 ar-

314 3310 494 3411 gumentis
516 3335 576 3406 Ur„
602 3334 640 3400 r,
669 3359 703 3381 ..
729 3335 806 3410 νβ,
837 3304 1078 3410 respondent.
1132 3308 1262 3412 Itaque
1287 3312 1326 3382 in
1351 3308 1462 3383 tab.I
1492 3334 1563 3412 pro
1588 3306 1764 3382 1111111ἰό111
1789 3332 1893 3408 argu·

314 3437 446 3508 mentis
472 3436 708 3507 inveniuntur
732 3432 890 3519 residua,
915 3439 954 3508 in
979 3435 1055 3508 tab.
1073 3434 1111 3508 Π
1136 3462 1205 3537 pro
1236 3433 1389 3510 residuas
1413 3438 1633 3538 argumentis
1657 3437 1895 3512 inveniuntur

313 3559 455 3636 udices.
508 3558 673 3633 Tabulae
686 3559 725 3633 Π
749 3561 921 3635 formatio
939 3560 1047 3634 simul
1065 3561 1351 3637 verificationem
1370 3567 1550 3665 egregiam
1565 3562 1748 3637 tabulaeI
1766 3561 1892 3654 osfert3

315 3715 398 3762 nam
425 3691 550 3790 siper
575 3686 703 3762 calami
728 3686 869 3791 lapsum
896 3688 1074 3762 tabulaeI
1099 3715 1273 3764 numerus
1292 3715 1466 3766 erroneus
1484 3693 1679 3793 inscriptus
1697 3705 1764 3782 est,
1793 3686 1893 3763 idem

314 3841 487 3889 numerus
514 3818 552 3888 in
580 3814 705 3890 tabula
731 3813 793 3888 illa
819 3816 876 3889 bis
901 3812 1016 3907 adest,
1050 3812 1150 3890 unde
1177 3817 1380 3894 obveniunt
1408 3816 1485 3892 duo
1510 3819 1655 3891 numeri
1681 3813 1814 3893 diversi
1840 3817 1892 3890 ei-

316 3940 401 4015 dem
429 3941 516 4015 loco
548 3942 695 4016 tabulae
713 3942 752 4014 Π
782 3940 1017 4016 inscribendi.
1072 3941 1130 4019 Sit
1163 3969 1220 4018 ex.
1245 3971 1299 4047 gr.
1328 3948 1366 4018 in
1397 3944 1514 4020 tab.I
1539 3969 1609 4046 pro
1636 3945 1856 4045 argumentis
1880 3952 1897 4017 ἰ

314 4084 352 4142 et
376 4069 402 4140 1
428 4065 526 4142 idem
552 4094 724 4142 numerus
750 4072 905 4171 scriptus
924 4072 999 4143 sive
1018 4096 1086 4172 per
1111 4096 1275 4145 errorem
1292 4071 1408 4147 factus
1426 4099 1461 4165 r,
1480 4104 1525 4140 =
1537 4099 1568 4165 r,
1585 4100 1595 4164 ;
1628 4073 1804 4174 inscripto
1824 4096 1890 4143 nu·

312 4220 416 4269 mero
443 4204 458 4267 ι·
479 4198 519 4268 in
546 4221 630 4269 eum
655 4193 780 4270 locum
805 4196 1004 4270 tabulaeII
1030 4201 1095 4298 qui
1120 4212 1334 4300 argumento
1352 4227 1382 4292 r,
1407 4195 1619 4301 respondet,
1648 4200 1679 4273 si
1696 4222 1891 4272 numerum

313 4323 339 4395 lc
364 4321 561 4397 inscribere
582 4326 636 4397 vis
654 4326 694 4396 in
714 4323 838 4398 locum
857 4340 1070 4426 argumento
1097 4352 1132 4417 r,
1156 4323 1456 4430 respondentem,
1485 4327 1558 4399 iam
1584 4350 1667 4402 eum
1684 4324 1808 4400 locum
1828 4349 1890 4431 oc·

313 4466 486 4552 cupatum
513 4453 687 4524 invenies.

453 4574 582 4650 Paucis
616 4580 788 4679 attingam
818 4578 1121 4678 probabiliorem,
1151 4604 1348 4655 numerum
1378 4605 1424 4654 ex
1448 4579 1599 4656 arbitrio
1625 4596 1785 4655 sumtum
1811 4603 1890 4654 esse

314 4701 389 4775 dati
415 4707 558 4776 numeri
583 4707 691 4806 primi
715 4703 874 4781 radicem
900 4709 1134 4809 primitivam.
1189 4706 1286 4784 Sunt
1309 4709 1452 4782 numeri
1475 4711 1586 4811 primi
1608 4735 1635 4810 p
1659 4704 1815 4784 totidem
1832 4731 1889 4782 ra·
