4432 5700
316 338 363 387 xc
990 310 1231 388 Introductia.

314 514 355 592 Si
381 515 408 589 2⁶
433 532 487 592 est
520 540 660 590 summa
685 517 800 619 ipsius
826 535 843 587 a
869 532 1033 619 potestas
1063 542 1258 592 numerum
1289 516 1506 610 Insciens,
1540 514 1806 593 determinatur
1835 542 1905 621 per

313 643 457 719 tabulas
483 659 626 719 nostras
653 668 674 718 e
701 646 941 746 congruentia
1018 712 1022 721 .

830 821 962 980 {NK
973 883 1017 936 Ξ
1038 826 1218 983 {Is-(mod.
1234 858 1380 957 ΞΜ),

314 1125 487 1177 numerus
513 1078 572 1209 ἐξ,
601 1098 701 1175 unde
728 1103 838 1175 etiam
863 1102 976 1204 ipsius
1003 1101 1033 1174 I
1033 1103 1042 1135 '
1067 1102 1173 1178 valor
1197 1101 1366 1177 hahetur.

453 1226 528 1302 Pro
546 1227 695 1331 singulis
711 1225 871 1302 modulis
889 1236 925 1300 a*
944 1227 1090 1303 residua
1106 1232 1259 1333 imparia
1275 1227 1322 1304 Ν
1333 1231 1373 1304 in
1388 1227 1523 1304 tabulis
1541 1233 1758 1305 constructis
1777 1235 1902 1306 omnia

312 1358 547 1430 inveniuntur
570 1358 713 1430 minora
731 1358 813 1460 ipso
839 1356 934 1447 2“‘¹‚
964 1381 1093 1430 eorum
1110 1359 1219 1459 igitur
1236 1380 1410 1431 numerus
1437 1372 1491 1431 est
1521 1338 1589 1465 {Q
1630 1361 1661 1432 si
1677 1361 1902 1461 proponitur

312 1479 498 1557 residuum
523 1485 619 1558 inter
645 1484 719 1556 2⁵⁴·¹
752 1499 790 1558 et
815 1489 852 1555 ε’·
878 1485 1055 1586 positum,
1083 1480 1121 1557 id
1149 1510 1169 1558 a
1195 1480 1350 1557 modulo
1377 1492 1413 1556 2⁸
1443 1481 1709 1559 detrahendum
1736 1501 1803 1561 est.

447 1608 522 1685 Pro
536 1608 696 1684 modulis
707 1612 912 1713 primorum
924 1611 1169 1713 potestatibus
1181 1610 1324 1686 tabulas
1337 1609 1499 1688 confecit
1511 1611 1696 1686 Dominus
1715 1611 1900 1697 Wiclrert,

312 1740 473 1811 muneris
499 1735 708 1812 scholastici
737 1734 964 1812 candidatus.
1017 1737 1078 1811 De
1110 1735 1351 1814 adornatione
1385 1738 1590 1814 tabularum
1622 1737 1717 1813 nihil
1742 1762 1898 1813 monen-

314 1860 403 1937 dum
429 1879 502 1956 est,
539 1867 609 1939 nisi
642 1862 744 1967 quod
776 1868 816 1938 in
846 1867 1008 1967 margine
1041 1862 1204 1958 denunt,
1240 1868 1280 1939 in
1311 1864 1404 1940 facie
1435 1877 1592 1941 andater
1621 1870 1765 1969 positae
1796 1882 1896 1941 sunt.

313 1988 413 2066 Cura
440 2006 477 2065 et
493 1991 752 2067 benevolentia
768 1995 933 2067 virorum
950 1989 1260 2082 Clarissimorum,
1288 1989 1546 2067 Professorum
1566 1991 1761 2077 Diriclrtet,
1773 1991 1901 2077 'Dora

312 2116 465 2201 Steiner,
490 2117 656 2203 illudar,
680 2118 890 2193 Doctorum
921 2117 1104 2223 Wolsers,
1129 2118 1329 2203 Braniker,
1352 2118 1463 2194 Galle
1488 2120 1710 2211 factumest,
1739 2135 1781 2194 ut
1797 2136 1900 2195 tanta

311 2269 548 2319 numerorum
574 2245 692 2320 moles
719 2245 765 2318 ab
794 2245 965 2320 omnihus
992 2243 1135 2321 mendis
1160 2273 1245 2320 cum
1269 2245 1484 2350 typothetae
1510 2263 1589 2321 tum
1607 2249 1746 2322 scribae
1764 2272 1897 2350 purga·

311 2386 426 2463 retur,
456 2396 617 2474 quorum
642 2370 740 2474 larga
764 2374 873 2476 copia
895 2368 941 2445 ad
967 2370 1104 2447 calcem
1122 2371 1260 2447 adiecta
1282 2389 1349 2448 est.
1396 2370 1437 2449 Si
1456 2371 1557 2476 quod
1582 2391 1704 2450 tamen
1722 2371 1898 2449 mendum

311 2513 458 2600 praeter
485 2501 793 2601 exspectationem
819 2496 1008 2574 sollertem
1032 2502 1309 2603 inquisitionem
1324 2500 1458 2603 fugisse
1484 2498 1828 2604 reprehenderetur,
1856 2498 1897 2574 id

313 2649 398 2697 cum
415 2622 622 2699 Academia
638 2625 870 2701 Litterarum
894 2630 1187 2703 communicetur
1203 2652 1386 2730 rogamus.
1433 2629 1610 2703 Maximas
1627 2642 1748 2702 autem
1765 2629 1897 2730 gratias

313 2775 381 2853 ago
399 2750 643 2827 illustrissimo
660 2752 801 2847 Encke,
822 2757 887 2857 qui
904 2752 1015 2831 ethis
1033 2753 1340 2831 emendatricibus
1358 2758 1453 2829 curis
1470 2753 1678 2858 praesidere
1697 2771 1734 2830 et
1751 2780 1895 2829 summo

312 2875 435 2953 studio
469 2905 510 2954 ac
536 2879 794 2957 benevolentia
827 2906 886 2956 me
914 2885 1063 2984 egregiis
1089 2882 1251 2958 consiliis
1277 2886 1316 2957 in
1342 2879 1558 2957 adornando
1586 2908 1698 2986 opere
1724 2880 1896 2960 adiuvare

313 3003 442 3080 voluit.

455 3131 535 3208 Scr.
564 3132 788 3236 Regimontii
815 3131 853 3208 d.
884 3139 920 3208 4.
935 3135 1099 3210 Ianuarii
1130 3139 1239 3210 1839.
