4432 5700
502 308 606 359 xxm
1176 276 1416 356 Introductim

444 586 449 595 Ι
503 487 761 593 quentissimae
791 488 947 560 maxime
974 481 1287 561 commendandae
1313 488 1404 577 sint,
1437 482 1500 577 fit,
1535 487 1565 559 si
1590 508 1660 588 pro
1687 485 1887 561 maioribus
1912 486 2026 590 ipsius
2052 485 2091 562 n'

500 615 688 691 volonibus
713 631 835 690 totum
859 617 1067 717 negotium,
1097 617 1204 689 sicuti
1230 611 1531 688 antecedentibus
1556 612 1727 706 vidimus,
1763 617 1802 687 in
1827 613 1934 716 plura
1959 610 2087 689 subdi·

499 740 650 835 viditur,
678 758 721 817 ut
745 738 902 817 totidem
928 756 1061 844 sponte
1087 766 1126 817 se
1149 741 1307 816 offerant
1329 739 1609 834 verificationes,
1639 767 1732 844 quac
1756 744 1786 815 si
1804 766 1967 817 errorem
1985 766 2087 817 com-

500 874 651 945 missum
676 884 850 973 arguunt,
884 884 1025 943 tantum
1051 895 1135 973 pars
1162 872 1288 971 exigua
1314 868 1446 943 calculi
1478 867 1678 971 repetenda
1710 871 1792 944 erit.
1847 868 1944 944 Fieri
1976 873 2088 944 etiam

500 1013 637 1100 potest,
666 1013 708 1072 ut
734 996 949 1071 calculatori
973 995 1082 1071 firmo
1110 1012 1147 1071 et
1172 1000 1370 1071 exercitato
1396 994 1588 1071 molestior
1613 1001 1659 1071 sit
1685 999 1881 1072 continuus
1907 996 1969 1070 ille
1987 1012 2088 1070 tran·

501 1129 590 1199 situs
615 1149 661 1199 ex
687 1124 800 1198 altera
826 1122 1114 1197 columnarumI
1139 1140 1177 1199 et
1201 1124 1240 1197 Π
1265 1121 1311 1197 ad
1338 1120 1503 1216 alteram,
1533 1150 1645 1226 quam
1668 1122 1792 1198 faciles
1810 1124 2087 1227 multiplicatio-

500 1277 566 1328 nes
593 1268 630 1327 et
655 1249 867 1343 divisiones,
898 1276 993 1354 quae
1019 1248 1065 1324 ad
1091 1249 1236 1326 residua
1261 1267 1485 1355 potestatum
1511 1254 1794 1327 successivamm
1818 1249 2010 1325 formanda
2027 1277 2087 1326 re·

502 1383 710 1483 quiruntur.
765 1376 840 1453 Sed
867 1381 906 1452 in
931 1378 988 1454 his
1014 1381 1124 1453 rebus
1151 1379 1242 1453 alius
1275 1379 1381 1453 aliam
1411 1382 1507 1453 viam
1533 1378 1720 1483 praeferre
1744 1395 1889 1481 potest3
1930 1404 1998 1481 ego
2025 1377 2089 1454 hic

502 1531 583 1583 eam
610 1530 795 1609 exponere
820 1505 938 1599 volui,
968 1534 1040 1609 qua
1065 1506 1213 1581 tabulae
1238 1531 1366 1608 reapse
1393 1504 1592 1581 calculatae
1618 1522 1715 1580 sunt.
1772 1503 1878 1600 Quae
1901 1508 1947 1580 ab
1967 1509 2086 1580 omni-

499 1636 570 1710 bus
595 1634 856 1709 tentaminibus
882 1632 999 1709 libera
1026 1650 1081 1709 est
1106 1651 1215 1737 atque
1242 1633 1387 1708 nullum
1413 1649 1475 1711 aut
1501 1633 1578 1710 sere
1603 1633 1748 1708 nullum
1771 1632 2088 1737 multiplicationis

501 1778 564 1837 aut
588 1759 776 1837 divisionis
798 1776 861 1835 aut
883 1762 1140 1836 subtractionis
1163 1776 1225 1835 aut
1241 1759 1439 1836 additionis
1457 1765 1645 1864 negotium
1667 1764 1800 1864 poscit,
1830 1758 1895 1835 sed
1912 1776 1990 1836 tota
2008 1760 2087 1835 sere

501 1892 669 1963 innititur
688 1891 861 1962 continua
881 1887 944 1960 illa
965 1887 1250 1962 columnarumI
1270 1905 1307 1964 et
1325 1889 1364 1961 Π
1384 1889 1644 1991 applicatione,
1675 1915 1829 1991 quarum
1850 1904 1887 1963 et
1911 1885 2085 1962 formatio

501 2032 538 2091 et
571 2015 770 2119 applicatio
801 2014 854 2088 nil
886 2030 940 2090 est
971 2018 1040 2089 nisi
1075 2013 1245 2090 datorum
1279 2042 1518 2091 numerorum
1550 2014 1752 2091 secundum
1782 2014 2086 2118 simplicissimam

499 2141 662 2246 regulam
680 2139 887 2245 dispositio.
931 2140 1014 2236 Qua
1034 2141 1080 2217 de
1097 2169 1138 2217 rc
1162 2142 1243 2217 fieri
1259 2147 1395 2247 potuit,
1423 2160 1466 2218 ut
1483 2142 1598 2218 homo
1616 2159 1817 2235 accuratus,
1847 2144 2086 2217 subcenturio

497 2268 718 2345 ballistarius
738 2269 1275 2374 (Kanonier-Untertffzier),
1304 2274 1456 2346 nomine
1481 2271 1676 2357 Kraemer,
1703 2274 1767 2374 qui
1792 2285 1879 2373 post
1904 2266 2086 2373 stipendia

500 2400 628 2470 merita
652 2397 791 2470 scribae
814 2398 955 2472 vicibus
975 2400 1110 2499 passim
1127 2396 1360 2499 fungebatur,
1389 2396 1435 2473 ad
1461 2397 1557 2474 hanc
1581 2397 1790 2474 tabulantm
1815 2396 2087 2472 confectionem

500 2527 711 2615 instructus,
742 2526 881 2627 optime
908 2540 945 2599 et
969 2525 1074 2601 brevi
1099 2539 1267 2627 tempore
1293 2542 1415 2601 totum
1439 2529 1630 2630 negotium
1656 2524 1878 2600 absolveret.

639 2649 831 2725 Lubentcr
847 2650 979 2744 fateor,
1003 2650 1094 2725 mihi
1111 2650 1425 2730 Burcbhardiano
1442 2654 1571 2730 labore
1587 2656 1693 2728 initio
1710 2652 1819 2727 huius
1835 2648 2085 2727 Introductio-

499 2781 556 2851 nis
582 2775 767 2872 exhibito,
805 2780 870 2881 qui
900 2782 981 2856 viro
1006 2783 1315 2882 praestantissimo
1341 2797 1484 2856 tantum
1509 2778 1555 2855 ad
1581 2784 1751 2884 paginam
1777 2777 2002 2882 implendam
2028 2782 2084 2854 in·

500 2904 694 2997 serviebat,
724 2902 770 2980 ad
797 2911 1110 2982 constructionem
1132 2906 1359 3000 tabularum,
1390 2934 1480 3011 quas
1506 2910 1579 2981 iam
1604 2912 1643 2982 in
1668 2908 1859 3011 publicum
1886 2906 1978 3000 edo,
2007 2911 2085 2982 ani·

499 3059 600 3105 mum
635 3030 773 3117 factum
806 3057 898 3107 esse.
951 3032 1047 3107 Nam
1082 3031 1184 3136 quod
1218 3060 1240 3108 a
1271 3032 1509 3109 conficiendis
1542 3035 1676 3109 tabulis
1709 3039 1865 3109 maxime
1899 3033 2085 3110 deterrere

499 3161 680 3260 potuisset
704 3162 893 3259 negotium
919 3175 962 3233 ut
986 3160 1173 3263 prolixum
1200 3176 1237 3234 et
1260 3163 1454 3252 incertum,
1483 3165 1734 3264 praecursoria
1752 3160 1935 3264 indagatio
1953 3159 2085 3238 radicis

498 3287 719 3387 primitivae,
752 3311 846 3386 quae
872 3283 1056 3361 methodis
1081 3286 1193 3389 vulgo
1219 3291 1317 3363 notis
1343 3304 1426 3362 ante
1449 3292 1572 3362 omnia
1589 3289 1858 3391 postulabatur,
1888 3288 1925 3362 id
1942 3290 2085 3363 Burclc-

501 3408 690 3485 tardona
715 3413 840 3486 tabula
865 3416 1042 3488 maiorem
1066 3429 1210 3517 partem
1236 3413 1448 3489 absolutum
1481 3431 1577 3508 erat,
1614 3420 1754 3520 quippe
1786 3442 1880 3519 quae
1912 3442 2084 3491 numeros

498 3540 639 3638 primos
672 3537 852 3641 plurimos
885 3544 1058 3642 assignat,
1102 3567 1261 3644 quorum
1298 3569 1473 3618 numerus
1507 3542 1823 3618 commodissimus
1856 3554 1900 3628 ὲ
1917 3568 1949 3616 ιο
1982 3540 2085 3617 radix

498 3665 681 3765 primitiva
708 3682 775 3740 est.
829 3664 963 3742 Postea
990 3666 1140 3770 quidem
1158 3668 1336 3761 intellexi,
1364 3695 1434 3772 per
1455 3667 1674 3745 methodum
1696 3670 1903 3774 generalem
1925 3669 1986 3744 hic
2009 3686 2084 3744 tra-

499 3788 611 3865 ditam
636 3797 889 3894 praecursoria
915 3794 979 3868 illa
1004 3792 1236 3897 indagatione
1264 3798 1416 3871 omnino
1443 3796 1686 3901 supersederi,
1716 3802 1854 3901 quippe
1880 3794 2083 3871 secundum

501 3943 611 4019 quam
637 3923 781 3992 numeri
806 3921 952 3994 tabulae
978 3921 1244 3996 construendae
1276 3921 1448 3998 calculari
1479 3940 1635 4029 possunt
1659 3940 1742 3999 ante
1768 3922 1928 3998 radicem
1954 3928 2081 4028 primi-

497 4048 611 4118 tivam
637 4049 832 4146 cognitam,
863 4072 957 4148 quae
983 4050 1022 4120 in
1047 4051 1129 4150 ipso
1157 4047 1300 4125 calculo
1327 4054 1424 4124 inter
1449 4075 1622 4126 numeros
1641 4050 1727 4125 illos
1745 4076 1784 4124 se
1801 4068 1934 4156 sponte
1953 4052 2078 4128 offert.

498 4168 626 4244 Nihilo
657 4187 780 4246 tamen
810 4175 929 4248 minus
960 4173 1106 4249 tabulae
1137 4174 1475 4252 Barettardtanae
1509 4182 1617 4253 etiam
1647 4181 1685 4252 in
1717 4176 1895 4252 methodo
1922 4180 2082 4283 generali

499 4296 559 4371 hic
584 4302 776 4400 proposita
801 4326 887 4373 usus
913 4327 991 4374 non
1017 4299 1307 4377 contemnendus
1334 4322 1401 4399 est,
1431 4309 1517 4408 quia
1544 4309 1620 4381 eius
1642 4304 1825 4380 beneficio
1842 4332 1913 4410 pro
1931 4306 2082 4409 singulis

499 4427 657 4497 numeris
684 4428 825 4526 primis,
856 4430 921 4529 qui
947 4426 1079 4502 limites
1105 4428 1203 4503 illius
1229 4430 1376 4507 tabulae
1401 4459 1479 4508 non
1507 4432 1754 4535 egrediuntur,
1788 4432 1874 4508 inde
1901 4436 1947 4508 ab
1974 4438 2080 4509 initio

497 4549 711 4651 praevidere
729 4552 829 4645 lieet,
850 4580 897 4627 an
913 4554 1066 4628 tabulal
1081 4582 1155 4630 una
1174 4556 1376 4663 eademque
1395 4562 1610 4662 operatione
1628 4557 1762 4632 confici
1778 4564 1908 4662 possit,
1929 4587 1974 4633 an
1989 4587 2078 4636 con·

499 4674 694 4751 etmendae
721 4681 798 4752 eius
824 4685 1011 4782 negotium
1037 4685 1074 4755 in
1102 4682 1210 4785 plura
1236 4701 1273 4759 et
1296 4688 1336 4759 in
1355 4702 1448 4788 quot
1466 4682 1658 4763 dividatur.
1716 4683 1800 4780 Qua
1817 4685 1864 4763 de
1880 4713 1921 4761 rc
1938 4687 2080 4762 Burde-

498 4801 725 4878 ltardionam
754 4805 937 4899 tabulam,
975 4833 1020 4882 ex
1052 4834 1098 4883 eo
1132 4837 1208 4914 quo
1240 4810 1379 4888 latebat
1403 4813 1491 4890 loco
1516 4830 1757 4921 protractam,
1793 4813 1855 4889 hic
1885 4818 2080 4919 repetitam
