4432 5700
986 313 1226 392 Introductis.
1857 344 1897 394 11

313 515 526 599 medentia
556 517 657 595 idem
688 533 745 595 est
773 533 885 624 atque
911 517 1134 596 evolutionis
1159 523 1272 624 ipsius
1301 521 1392 623 pin
1416 519 1635 597 fractionem
1662 518 1909 618 decimalem,

314 670 361 722 eo
391 662 536 723 tantum
565 645 786 741 discrimine,
821 662 864 722 ut
893 649 934 722 in
965 645 1039 722 hoc
1069 651 1218 751 negotio
1244 650 1455 725 reiiciantur
1480 646 1638 741 residua,
1670 652 1898 725 retineantur

314 777 537 879 quotientes,
572 778 612 850 in
642 775 711 850 illo
742 778 968 851 retineantur
992 772 1151 869 residua,
1186 777 1396 851 reiiciantur
1428 779 1651 879 quotientes.
1704 774 1834 853 Potest
1857 781 1897 853 in

229 914 232 919 ’
312 905 462 1006 negotio
488 902 556 978 illo
582 907 692 978 etiam
718 928 760 978 ea
786 901 1093 1008 multiplicatione
1113 900 1358 1007 supersederi,
1388 931 1499 1007 quam
1522 901 1653 981 divisio
1673 929 1743 1008 per
1762 932 1789 1005 p
1808 930 1896 1009 pos·

313 1031 377 1124 cit;
404 1020 601 1106 nam‘cnm
628 1035 837 1135 quotientes
864 1055 991 1107 omnes
1016 1033 1089 1106 sint
1109 1033 1271 1107 minores
1296 1033 1379 1134 ipso
1404 1054 1451 1125 10,
1479 1046 1623 1107 tantum
1644 1057 1739 1135 opus
1759 1046 1826 1125 est,
1855 1047 1898 1107 ut

312 1156 483 1263 multipla
508 1161 621 1262 ipsius
639 1187 666 1260 p
690 1184 760 1262 per
782 1183 811 1251 1,
832 1181 863 1252 2,
886 1183 903 1232 s
1000 1181 1019 1238 9
1039 1159 1258 1253 formentur,
1289 1185 1450 1263 quorum
1469 1184 1708 1234 numerorum
1727 1161 1897 1262 proxime

312 1284 467 1360 inferior
490 1311 511 1360 a
538 1282 736 1364 dividendo
764 1283 990 1379 detrahatur,
1019 1301 1063 1361 ut
1088 1288 1299 1362 obtineatur
1318 1284 1505 1360 residuum
1525 1289 1744 1390 quaesitum.
1784 1283 1896 1361 Unde

312 1427 435 1486 totum
461 1417 649 1516 negotium
675 1411 886 1490 inveniendi
906 1410 1043 1488 residui
1059 1417 1251 1518 potestatis
1267 1417 1436 1518 proxime
1456 1413 1595 1489 altioris
1613 1410 1659 1488 ad
1678 1438 1790 1487 unam
1809 1414 1895 1489 sub·

311 1542 531 1615 tractionem
556 1538 757 1617 reducitur.
797 1540 931 1645 Neque
960 1565 1053 1645 opus
1079 1557 1147 1636 est,
1175 1558 1218 1617 ut
1238 1544 1400 1616 animum
1425 1538 1604 1635 attendas,
1632 1537 1678 1615 ad
1699 1566 1897 1644 quemnam

313 1664 495 1742 factorum
522 1693 552 1762 t,
573 1690 604 1762 2,
625 1693 641 1743 s
740 1691 759 1748 9
783 1672 967 1773 pertineat
992 1695 1166 1745 numerus
1194 1666 1455 1762 detrahendus,
1486 1672 1571 1773 quia
1597 1671 1637 1742 in
1661 1667 1719 1743 his
1745 1668 1895 1745 calculis

313 1797 524 1895 quotientes
551 1799 704 1871 omnino
731 1821 809 1871 non
833 1823 1014 1871 curamus.

453 1921 582 1998 Nihilo
608 1939 732 2000 tamen
760 1926 880 2000 minus
906 1922 1006 1999 hunc
1031 1922 1164 2000 calculi
1191 1949 1406 2028 processum
1431 1950 1500 2027 ego
1525 1949 1604 1998 non
1629 1937 1775 1998 secutus
1798 1949 1894 2017 sum,
2018 2010 2023 2019 .

312 2044 377 2123 sed
403 2048 516 2125 alium
541 2050 713 2155 praetuli,
742 2054 782 2125 in
808 2077 884 2155 quo
912 2054 1022 2128 etiam
1047 2052 1297 2127 subtractione
1323 2048 1603 2156 supersedemus
1628 2066 1667 2124 et
1694 2052 1796 2124 omni
1816 2075 1895 2125 om·

312 2179 403 2252 nino
429 2178 586 2255 calculo.
642 2177 860 2255 Scribantur
886 2182 1047 2255 enimin
1074 2178 1261 2254 Columna
1281 2179 1415 2254 Prima
1441 2204 1568 2254 omnes
1594 2179 1739 2251 numeri
1765 2174 1897 2254 ordine

311 2330 381 2380 suo
406 2305 564 2382 naturali
590 2306 678 2382 inde
704 2334 725 2383 a
753 2332 766 2380 1
794 2304 984 2412 usquead
1010 2332 1141 2410 p-13
1174 2309 1275 2382 iuxta
1306 2332 1400 2411 quos
1429 2319 1616 2411 ponantur
1641 2307 1681 2379 in
1711 2303 1898 2381 Columna

312 2431 487 2509 Secunda
511 2438 656 2510 numeri
684 2458 731 2529 so,
750 2457 800 2529 to,
821 2458 869 2529 so,
890 2447 927 2509 to
949 2450 1038 2529 cet,
1074 2437 1140 2538 qui
1168 2460 1286 2539 usque
1313 2459 1359 2510 eo
1386 2436 1660 2525 continuentur,
1695 2428 1784 2506 dum
1810 2457 1896 2535 per·

312 2563 436 2636 venias
463 2558 509 2636 ad
536 2586 730 2636 numerum
754 2565 837 2664 ipso
860 2589 887 2662 p
913 2565 1104 2655 maiorem,
1132 2564 1172 2637 in
1197 2564 1300 2637 cuius
1325 2561 1465 2654 locum,
1494 2575 1654 2664 proutp
1677 2574 1732 2633 est
1755 2557 1897 2636 formae

315 2707 492 2780 soma-1,
513 2710 545 2779 s,
565 2706 597 2778 s,
618 2705 649 2778 t,
669 2708 701 2779 9,
737 2701 899 2790 ponatur
923 2709 955 2779 9,
976 2707 1007 2779 t,
1027 2710 1059 2780 s,
1080 2710 1111 2780 s,
1133 2712 1163 2780 1,
1198 2713 1241 2762 ac
1273 2684 1408 2762 deinde
1433 2684 1662 2792 pergendum
1688 2689 1898 2762 est'iterata

314 2809 478 2888 eiusdem
497 2817 642 2888 numeri
663 2836 698 2886 10
718 2811 922 2907 additione,
950 2838 1068 2917 usque
1089 2811 1179 2888 dum
1199 2841 1323 2888 rursus
1342 2817 1513 2917 pervenis
1532 2810 1578 2890 ad
1599 2838 1794 2888 numerum
1813 2818 1896 2918 ipso

309 2965 337 3040 p
366 2942 558 3032 maiorem,
592 2943 632 3015 in
665 2943 768 3015 cuius
797 2941 924 3016 locum
955 2967 1078 3016 rursus
1108 2938 1285 3045 ponenda
1316 2957 1402 3017 sunt
1432 2940 1518 3015 illae
1548 2939 1693 3043 aliquae
1721 2944 1893 3036 unitates,

312 3067 449 3171 quibus
473 3091 647 3143 numerus
675 3070 797 3171 ipsum
818 3095 846 3170 p
872 3082 1034 3173 superat,
1066 3083 1105 3143 et
1130 3066 1265 3144 deinde
1290 3095 1414 3144 mrsus
1433 3064 1664 3172 pergendum
1690 3070 1760 3143 erit
1776 3072 1895 3145 conti-

312 3221 386 3271 nua
408 3197 523 3299 ipsius
550 3218 585 3269 10
610 3193 812 3289 additione,
842 3220 989 3300 semper
1014 3198 1159 3300 quoties
1185 3194 1231 3271 ad
1250 3222 1446 3272 numerum
1465 3198 1550 3299 ipso
1568 3221 1595 3296 p
1615 3197 1792 3270 maiorem
1810 3222 1896 3301 per·

311 3324 414 3399 venis
441 3325 555 3427 ipsius
576 3351 604 3426 p
629 3321 855 3399 detractione
881 3323 989 3399 facta.
1043 3322 1150 3419 Quae
1177 3349 1368 3428 eousque
1395 3319 1643 3401 continuanda
1668 3339 1754 3398 sunt
1777 3350 1897 3428 usque

313 3448 402 3526 dum
427 3446 474 3526 ad
500 3477 695 3527 numerum
715 3480 800 3553 p-
814 3475 848 3526 to
873 3453 1080 3555 pervenias.
1134 3451 1215 3526 Hac
1248 3455 1392 3528 ratione
1417 3451 1531 3527 altera
1557 3448 1728 3527 columna
1755 3466 1794 3525 et
1817 3454 1897 3555 ipsa

312 3580 520 3655 continebit
551 3604 678 3656 omnes
712 3602 822 3681 p-1
855 3602 1030 3654 numeros
1057 3603 1087 3672 s,
1115 3601 1185 3672 s,s
1211 3632 1246 3654 ..
1268 3605 1380 3682 p-s
1409 3582 1458 3655 ita
1482 3577 1693 3683 dispositos,
1728 3593 1772 3653 ut
1796 3580 1897 3655 iuxta

314 3705 519 3811 quemlibet
542 3732 736 3782 numerum
761 3707 788 3780 lc
813 3705 1040 3783 columnaeI
1064 3709 1272 3783 inueniatur
1296 3710 1336 3780 in
1367 3705 1590 3782 columnalI
1614 3702 1802 3781 residuum
1826 3734 1895 3782 nu·

312 3836 405 3909 meri
432 3835 498 3908 tole
520 3861 635 3938 perp
659 3832 777 3911 divisi.
817 3832 986 3938 Utraque
1015 3833 1189 3910 columna
1221 3831 1349 3909 eadem
1375 3833 1560 3909 celeritate
1586 3848 1697 3936 atque
1722 3831 1896 3911 facilitate

312 3961 495 4038 formatur
520 3977 630 4066 atque
653 3964 693 4037 in
717 3964 879 4038 numeris
906 3959 1036 4037 ordine
1061 3962 1219 4036 naturali
1243 3959 1447 4037 scribendis
1474 3958 1633 4035 calamus
1658 3986 1806 4036 currere
1833 3988 1895 4039 va·
2021 4012 2026 4021 ·

310 4089 378 4166 let.
431 4088 565 4193 Neque
594 4089 675 4165 ullo
703 4089 846 4165 calculo
871 4105 959 4194 post
990 4087 1056 4165 has
1082 4088 1271 4165 columnas
1296 4088 1471 4165 formatas
1500 4113 1596 4192 opus
1622 4104 1689 4163 est.
1743 4088 1776 4163 Ε
1808 4087 1896 4166 dato

313 4219 412 4293 enim
437 4219 629 4321 potestatis
654 4215 802 4293 residuo
832 4245 855 4293 r
880 4215 994 4293 habes
1018 4220 1186 4322 proxime
1217 4216 1357 4293 altioris
1387 4212 1568 4292 sumendo
1593 4218 1634 4290 in
1659 4213 1748 4292 Col.
1763 4215 1803 4292 Π
1826 4244 1895 4293 nu-

312 4370 457 4421 merum
488 4347 588 4420 iuxta
621 4370 818 4420 numerum
849 4371 872 4420 r
898 4343 1137 4422 Columnael
1165 4348 1342 4450 positum.
1398 4342 1555 4440 Quoties
1585 4344 1697 4447 igitur
1721 4366 1756 4417 so
1781 4347 1896 4449 ipsius

309 4498 337 4573 p
360 4469 464 4549 radix
483 4475 668 4576 primitiva
689 4489 757 4566 est,
786 4470 881 4547 nihil
906 4488 1029 4566 restat,
1058 4476 1129 4548 nisi
1147 4490 1191 4548 ut
1208 4470 1353 4549 residua
1370 4488 1595 4576 potestatum
1612 4474 1896 4549 successivamm

312 4603 426 4705 ipsius
453 4623 502 4694 to,
530 4597 600 4676 hae
624 4603 767 4676 ratione
792 4598 861 4675 alia
887 4615 975 4703 post
999 4599 1069 4675 alia
1094 4604 1255 4695 inventa,
1283 4600 1433 4676 tabulae
1458 4599 1715 4676 inscribantur.

453 4725 496 4804 Si
527 4752 621 4803 -to
653 4727 756 4803 radix
786 4731 970 4832 primitiva
1003 4744 1071 4821 est,
1105 4725 1201 4802 nibil
1232 4730 1447 4821 mutabitur,
1483 4730 1554 4803 nisi
1580 4724 1681 4830 quod
1709 4724 1897 4804 Col.Ha
1992 4784 1996 4791 -

313 4879 469 4932 numero
497 4883 582 4959 p-
595 4879 631 4932 ιο
663 4854 778 4931 ordiri
804 4853 917 4932 debet
948 4858 1100 4959 eiusque
1131 4858 1276 4933 numeri
1307 4852 1442 4932 eodem
1472 4880 1628 4930 numero
1656 4877 1691 4928 10
1717 4856 1895 4931 continuo

1549 4980 1614 5085 [u]
