4432 5700
816 329 1056 408 Introductio.
1608 361 1731 411 mm

146 534 246 631 dedi,
275 537 361 612 utiis
377 540 461 612 usui
478 560 556 611 esse
573 539 705 639 possit,
735 536 869 639 quibus
886 536 983 612 sorte
1001 562 1104 613 mens
1122 552 1190 628 est,
1219 537 1306 613 huic
1324 540 1430 642 operi
1447 535 1605 614 adiicere
1622 539 1729 615 tabu·

145 664 198 740 las
224 690 294 768 pro
320 666 481 739 numeris
507 665 635 766 primis
661 666 757 739 inter
783 686 853 737 1000
880 680 917 738 et
943 687 1027 739 2500.
1084 662 1185 759 Quas
1211 668 1242 739 si
1268 670 1355 768 quis
1376 665 1437 741 vel
1463 690 1533 769 pro
1558 669 1730 742 omnibus

145 795 306 867 numeris
322 793 451 894 primis
468 790 564 865 inira
582 814 670 864 10000
689 806 902 865 construere
920 795 1134 895 susciperet,
1163 817 1242 866 non
1259 808 1380 867 tantus
1398 791 1496 867 soret
1512 792 1633 886 labor,
1663 793 1729 869 sed

146 920 308 994 obstaret
332 918 576 1021 publicationi
595 919 752 992 ambitus
779 922 915 1022 operis.
972 917 1045 994 Cui
1069 917 1308 994 incommodo
1328 936 1494 1023 exparte
1512 918 1634 1023 aliqua
1661 921 1729 995 ob-

143 1051 302 1139 venitur,
332 1050 362 1121 si
386 1045 530 1120 tabulas
556 1044 691 1119 similes
718 1043 846 1120 condis
873 1071 998 1120 earum
1028 1072 1118 1149 quas
1143 1072 1213 1151 pro
1239 1050 1401 1122 numeris
1418 1050 1546 1150 primis
1563 1046 1658 1121 infra
1678 1069 1729 1120 100

144 1173 199 1248 ill.
224 1173 350 1248 Gauss
374 1177 415 1247 in
437 1172 756 1274 Disquisitionibus
771 1171 1022 1249 Aritltmeticis
1049 1171 1164 1249 dedit.
1220 1171 1325 1268 Quae
1351 1173 1500 1249 tabulae
1517 1199 1588 1276 pro
1606 1177 1728 1277 singu·

142 1300 188 1376 lis
213 1298 373 1375 modulis
404 1302 531 1403 primis
564 1298 740 1376 exhibent
771 1300 936 1376 solorum
966 1327 1205 1377 numerorum
1232 1311 1451 1403 primorum,
1483 1299 1644 1376 modulis
1669 1304 1725 1375 in·

143 1426 333 1521 seriorum,
362 1423 521 1520 indices;
551 1431 691 1530 quippe
718 1454 739 1502 e
767 1431 900 1531 quibus
927 1429 1122 1504 cuiuslibet
1147 1425 1224 1502 dati
1248 1432 1392 1503 numeri
1409 1426 1569 1503 indicem
1586 1426 1728 1530 simpli-

144 1555 248 1629 cibus
280 1552 528 1629 additionibus
562 1557 671 1629 eruis.
728 1551 815 1648 Quo
848 1553 1071 1659 compendio
1104 1555 1304 1629 tabulaeII
1329 1552 1375 1630 ad
1401 1556 1519 1629 multo
1546 1558 1728 1628 minorem

144 1683 321 1757 ambitum
347 1679 587 1773 reducuntur,
615 1679 795 1756 tabulaeI
825 1697 947 1756 autem
974 1686 1126 1757 omnino
1152 1709 1229 1757 nou
1256 1679 1480 1757 conduntur.
1534 1679 1728 1756 Eiusmodi

144 1809 311 1902 tabulae,
341 1807 428 1882 licet
454 1810 575 1882 minus
601 1806 837 1901 commodae,
867 1806 913 1882 ad
940 1809 1076 1884 multos
1101 1825 1225 1884 tamur
1249 1836 1336 1883 usus
1362 1808 1561 1901 sufficiunt,
1592 1834 1649 1883 ex.
1670 1834 1724 1911 gr.

143 1938 173 2010 si
200 1933 468 2039 explorandum
492 1939 730 2037 proponitur,
760 1962 807 2010 an
833 1933 939 2011 datus
964 1962 1138 2011 numerus
1165 1940 1210 2010 sit
1235 1940 1379 2010 numeri
1404 1939 1515 2038 primi
1539 1933 1728 2010 residuum

143 2063 327 2155 cubicum,
356 2058 650 2164 biquadraticum
665 2078 735 2137 cet.
783 2061 881 2138 Cum
908 2088 954 2137 eo
979 2063 1135 2137 consilio
1161 2061 1340 2137 tabulaeI
1366 2066 1517 2136 omnino
1541 2088 1619 2136 non
1637 2088 1725 2136 con-

142 2205 346 2283 struantur,
382 2186 514 2263 addam
539 2188 756 2264 methodum
784 2187 1012 2292 expeditam,
1049 2216 1121 2293 qua
1147 2190 1314 2264 tabulam
1338 2187 1499 2263 indicum
1523 2186 1728 2263 immediate

142 2319 323 2416 conficere
344 2320 435 2401 licet,
459 2314 635 2418 siquidem
656 2315 770 2390 radix
788 2327 969 2418 primitiva
994 2326 1142 2419 cognita
1165 2330 1225 2392 est.

256 2435 262 2445 ’
283 2443 340 2519 Sit
359 2471 384 2517 a
403 2441 506 2517 radix
527 2446 711 2545 primitiva
733 2442 1014 2547 formenturque
1035 2459 1204 2547 utsupra
1222 2447 1319 2518 iuxta
1337 2446 1477 2547 positae
1497 2442 1688 2518 columnae
1706 2444 1727 2518 I

143 2586 180 2644 et
203 2569 255 2661 Π,
292 2596 449 2671 quarum
472 2568 494 2641 I
520 2585 575 2642 est
599 2573 710 2643 series
735 2596 976 2644 numerorum
1000 2569 1220 2644 naturalium
1246 2586 1357 2673 atque
1377 2570 1415 2643 Π
1442 2597 1570 2646 eorum
1596 2570 1726 2646 0⁸⁸⁹¹⁰ffl⁸

139 2693 285 2769 residua
302 2698 452 2769 minima
469 2697 625 2799 positiva
643 2693 866 2798 suppeditat.
919 2696 1104 2770 Vocemus
1126 2726 1161 2789 α,
1185 2696 1372 2772 residuum
1388 2701 1579 2771 minimum
1596 2702 1725 2802 positi-

141 2849 228 2897 vum
246 2825 359 2925 ipsius
377 2849 442 2914 an,-
471 2825 521 2895 ita
540 2836 583 2894 ut
600 2819 698 2925 apud
717 2848 910 2897 numerum
927 2850 954 2897 n
972 2822 1198 2898 columnaeI
1224 2827 1430 2900 inveniatur
1447 2829 1486 2898 in
1503 2824 1675 2900 columna
1687 2825 1726 2900 Π

141 2975 313 3025 numerus
345 2977 401 3041 a„
455 2948 651 3023 Formetur
683 2953 755 3022 iam
789 2949 961 3024 columna
977 2949 1036 3024 ΠΙ
1067 2978 1093 3024 α
1123 2976 1209 3025 zero
1241 2954 1420 3053 incipiens
1454 2967 1491 3026 et
1523 2950 1726 3027 secundum
1830 3014 1833 3019 ,

140 3075 235 3150 banc
260 3074 379 3177 legem
404 3078 629 3168 continuata,
657 3091 700 3150 ut
723 3079 824 3150 iuxta
848 3079 979 3181 positis
1003 3081 1043 3151 in
1066 3077 1155 3152 coll.
1170 3077 1203 3170 I,
1223 3077 1274 3170 Π,
1294 3076 1353 3151 ΠΙ
1378 3081 1594 3171 numerian,
1616 3105 1725 3170 a‚,m

141 3203 320 3277 scribatur
345 3227 518 3276 numerus
543 3206 712 3304 proxime
738 3206 855 3277 maior
886 3225 994 3288 ττι-Η
1030 3207 1070 3278 in
1096 3203 1268 3279 columna
1286 3202 1345 3277 ΠΙ
1368 3208 1467 3278 iuxta
1494 3204 1725 3281 columnael

139 3355 334 3404 numerum
357 3358 413 3425 0„
466 3330 547 3404 Hac
564 3332 707 3404 ratione
724 3334 869 3405 numeri
895 3355 926 3423 0,
949 3355 979 3422 1,
1000 3354 1039 3405 2.
1054 3385 1063 3406 .
1078 3355 1196 3432 .p-a
1222 3330 1314 3405 locis
1332 3334 1565 3434 praescriptis
1583 3332 1723 3407 colum·

139 3483 208 3532 nac
222 3456 281 3531 ΙΠ
304 3458 567 3549 inscribantur,
605 3473 787 3560 eruntque
819 3456 876 3531 illi
900 3463 1044 3532 numeri
1070 3457 1209 3533 indices
1234 3485 1473 3533 numerorum
1498 3462 1597 3533 iuxta
1623 3463 1723 3563 posi·

139 3602 263 3659 torum
288 3584 526 3659 columnaeI.
580 3583 637 3658 Ac
662 3584 816 3659 fortasse
843 3583 1154 3687 expeditissimum
1180 3588 1269 3676 erit,
1306 3583 1375 3659 bac
1407 3589 1548 3660 ratione
1580 3587 1723 3662 tabulas
1821 3640 1827 3651 ,

139 3709 370 3786 residuorum
395 3727 433 3786 et
457 3711 599 3786 tabulas
625 3709 788 3786 indicum
814 3737 835 3784 a
861 3736 899 3785 se
925 3709 1220 3815 independenter
1245 3728 1476 3803 construere,
1509 3737 1631 3815 neque
1657 3712 1723 3788 has

141 3864 187 3913 ex
210 3837 285 3912 illis
308 3837 486 3931 formare,
521 3842 576 3913 uti
601 3864 711 3941 supra
736 3841 931 3941 proposui.
984 3837 1081 3913 Nam
1107 3841 1188 3931 ista,
1218 3865 1292 3942 qua
1317 3864 1411 3941 opus
1438 3854 1527 3931 erat,
1556 3865 1722 3914 eommu-

139 3969 229 4040 tatio
255 3964 423 4041 valorum
448 3963 668 4040 tabularium
694 3968 734 4038 in
760 3981 970 4067 argumenta
997 3982 1034 4040 et
1060 3982 1356 4068 argumentorum
1381 3969 1421 4040 in
1445 3965 1590 4042 valores
1615 3962 1721 4041 tabu-

138 4094 232 4168 lares
257 4117 436 4195 perquam
467 4092 621 4167 molesta
654 4108 709 4167 est
742 4108 779 4167 et
810 4092 1063 4168 molestissima
1095 4096 1275 4167 correctio
1307 4091 1475 4195 lapsuum
1502 4093 1631 4167 calami
1658 4099 1722 4197 qui

140 4246 182 4295 ea
206 4223 245 4294 in
264 4245 305 4294 re
328 4222 388 4295 vix
411 4223 605 4296 evitantur.
652 4218 827 4295 Ceterum
854 4223 964 4294 etiam
988 4219 1091 4294 nulla
1117 4224 1262 4322 cognita
1288 4217 1409 4294 radice
1435 4224 1619 4323 primitiva
1644 4247 1720 4296 me·

139 4345 275 4422 tbodus
294 4344 518 4450 praecedens
537 4346 713 4450 applicari
729 4362 866 4449 potest,
887 4346 1007 4441 factis,
1037 4372 1132 4449 quae
1151 4373 1171 4423 e
1188 4373 1298 4451 supra
1315 4346 1456 4422 traditis
1475 4351 1552 4423 sine
1570 4352 1721 4450 negotio

139 4500 177 4549 se
204 4474 380 4566 offerunt,
410 4476 685 4549 mutationibus.

278 4599 339 4676 Ad
365 4600 478 4676 finem
505 4584 621 4677 adieci
645 4600 790 4675 tabulas
817 4598 862 4675 ad
886 4598 1059 4676 modulos
1075 4602 1300 4704 pertinentes
1318 4605 1401 4705 ipso
1421 4624 1491 4675 1000
1512 4602 1717 4697 inferiores,

140 4732 205 4833 qui
230 4756 470 4804 numerorum
491 4740 697 4831 primorum
718 4743 915 4831 potestates
945 4744 1042 4804 sunt.
1096 4727 1320 4830 Designante
1352 4733 1450 4805 enim
1475 4757 1502 4802 n
1526 4756 1720 4805 numerum

137 4860 298 4960 primum
328 4861 526 4962 imparem,
561 4875 691 4933 notum
724 4874 797 4952 est,
834 4859 944 4932 etiam
974 4871 1145 4960 respectu
1174 4852 1318 4932 moduli
1349 4864 1394 4932 η’·
1422 4854 1565 4933 residua
1597 4862 1720 4934 omnia

1386 4982 1439 5086 [e]
