4432 5700
835 313 1077 393 Introductio.
1696 343 1749 395 vu

165 523 328 603 eiusdem
345 524 490 598 numeri
507 546 577 626 per
594 543 791 596 numerum
812 523 974 624 primum
999 524 1235 626 propositum
1259 520 1487 617 resultantia,
1517 547 1647 626 magna
1665 548 1751 625 pars

163 653 302 729 laboris
313 668 479 728 versatur
490 653 530 725 in
543 645 748 753 indaganda
761 647 884 753 aliqua
897 646 1019 725 radice
1038 652 1222 753 primitiva
1242 674 1308 724 seu
1327 675 1482 724 numero
1505 648 1574 725 illo
1596 652 1661 753 qui
1681 674 1752 753 pro

164 778 246 858 basi
266 796 492 884 potestatum
518 779 636 881 accipi
661 779 793 881 possit.
846 778 905 851 Ex
931 775 1232 853 antecedentibus
1258 793 1372 881 patet,
1410 804 1481 882 pro
1512 788 1563 852 008
1589 780 1752 853 numeris

163 911 326 1014 primise
343 923 411 1000 868,
436 909 501 1011 qui
513 905 699 981 habentur
719 903 896 1007 usquead
911 928 997 998 0800,
1021 908 1055 981 ei
1075 903 1196 980 labori
1215 902 1446 1009 supersederi
1463 930 1587 1009 posse,
1611 907 1753 1009 quippe

164 1062 236 1141 pro
257 1036 392 1139 quibus
411 1038 483 1109 iam
502 1049 645 1108 constat
662 1027 766 1107 radix
783 1036 968 1137 primitiva
986 1058 1103 1136 eaque
1124 1030 1431 1109 commodissima.
1474 1032 1641 1108 Tabulae
1660 1035 1752 1108 reci·

163 1188 314 1270 procae,
342 1189 413 1267 pro
441 1159 527 1237 dato
555 1176 762 1264 exponente
780 1164 971 1263 potestatis
997 1159 1128 1236 radicis
1147 1164 1353 1263 primitivae
1374 1157 1560 1237 residuum
1578 1161 1754 1265 potestati

164 1316 368 1394 congruum
394 1306 432 1366 et
456 1293 535 1365 vice
561 1313 665 1364 versa
691 1305 938 1393 exponentem
957 1292 1149 1393 potestatis
1182 1286 1268 1364 dato
1291 1314 1448 1364 numero
1478 1314 1661 1391 congruae
1687 1312 1754 1363 seu

163 1417 318 1495 indicem
345 1416 420 1491 dati
447 1418 592 1491 numeri
620 1415 849 1509 exhibentes,
878 1442 1000 1520 nuper
1026 1418 1072 1491 ab
1099 1416 1155 1492 ill.
1181 1415 1465 1521 Ostrogrodslry
1489 1441 1561 1520 pro
1588 1417 1752 1490 numeris

164 1548 293 1651 primis
317 1546 522 1619 minoribus
548 1569 659 1647 quam
685 1566 738 1616 000
765 1558 969 1619 exstructae
996 1560 1092 1620 sunt.
1149 1542 1250 1639 Quas
1272 1543 1363 1619 mihi
1388 1546 1570 1649 proposui
1597 1557 1754 1647 propter

164 1677 379 1748 immensam
405 1697 530 1746 earum
559 1696 629 1775 per
658 1686 775 1746 totam
806 1670 1071 1747 arithmeticam
1100 1671 1295 1747 utilitatem
1320 1698 1390 1775 pro
1416 1670 1566 1775 singulis
1592 1672 1753 1746 numeris

163 1803 292 1905 primis
311 1799 407 1875 infra
430 1822 501 1874 0000
521 1795 694 1891 condere,
725 1823 886 1902 quorum
906 1801 1003 1873 inter
1022 1822 1075 1872 000
1103 1816 1139 1875 88
1166 1824 1236 1874 0000
1256 1803 1492 1877 inveniuntur
1512 1822 1577 1874 000.
1618 1798 1676 1871 Ex
1695 1796 1753 1872 his

165 1926 325 2032 gaudent
349 1938 399 2019 08,
426 1929 483 2002 uti
511 1950 531 2001 e
556 1925 718 2000 tabulaI
743 1943 858 2029 patet,
887 1923 1010 2001 radice
1035 1929 1217 2029 primitiva
1246 1951 1293 2019 00,
1322 1926 1423 2003 unde
1448 1944 1591 2003 tantum
1616 1950 1687 2029 pro
1716 1944 1753 2004 08

165 2080 211 2131 ex
229 2079 358 2130 eorum
377 2077 534 2128 numero
555 2069 598 2127 ut
615 2050 776 2128 radicem
800 2057 1022 2157 primitivam
1043 2052 1253 2157 indagarem
1272 2057 1445 2130 restabat.
1493 2055 1525 2127 E
1549 2076 1602 2133 199
1621 2076 1751 2127 nume·

163 2186 213 2258 ris
238 2185 366 2286 primis
396 2184 565 2257 1008800000
590 2195 723 2258 880800
750 2198 835 2256 sunt
861 2205 915 2274 88,
951 2207 1110 2285 quorum
1138 2205 1173 2256 10
1198 2178 1301 2257 radix
1331 2184 1515 2285 primitiva
1541 2197 1616 2274 est3
1650 2176 1751 2254 unde

163 2313 262 2386 inter
281 2307 351 2384 bos
376 2307 511 2384 limites
535 2332 607 2412 pro
635 2331 685 2382 000
713 2312 874 2384 numeris
899 2312 1026 2413 primis
1051 2305 1154 2384 radix
1182 2312 1367 2414 primitiva
1392 2305 1596 2413 indaganda
1622 2321 1747 2382 restat.

166 2436 243 2533 Qui
266 2453 391 2513 tamen
411 2440 557 2511 numeri
582 2433 702 2510 adhuc
727 2440 844 2510 minui
867 2451 1036 2539 possunt.

306 2563 406 2663 Sitp
426 2587 600 2636 numerus
619 2566 759 2664 primus
785 2575 904 2646 0008-0-
916 2586 948 2656 8;
978 2567 1123 2666 quoties
1144 2566 1183 2638 in
1204 2563 1330 2639 tabula
1350 2560 1668 2639 Burelrlrardiano
1687 2587 1750 2637 va·

164 2690 226 2765 lor
250 2691 363 2792 ipsius
387 2715 414 2762 n
439 2691 538 2762 iuxta
560 2715 586 2787 p
610 2691 753 2790 positus
780 2707 835 2765 est
857 2683 958 2796 [ζ’-ζ
986 2693 1063 2764 sive
1090 2694 1235 2793 quoties
1255 2718 1282 2765 n
1298 2724 1344 2761 =
1357 2685 1441 2800 l’-J-¹
1471 2706 1526 2767 est
1549 2689 1655 2768 valor
1680 2691 1749 2764 mi·

164 2818 285 2891 nimus
311 2818 425 2919 ipsius
453 2841 492 2908 n,
520 2839 592 2917 pro
622 2839 698 2917 quo
723 2813 767 2891 fit

880 2927 929 2992 00·
953 2961 995 2978 -
1019 2942 1033 2991 1

163 3097 280 3179 perp
307 3070 510 3163 divisibilis,
541 3074 610 3146 erit
640 3116 681 3129 -
700 3095 734 3146 00
758 3074 833 3149 sive
856 3101 943 3174 p-
963 3095 996 3147 10
1022 3069 1125 3147 radix
1148 3076 1333 3177 primitiva
1360 3076 1473 3177 ipsius
1496 3102 1537 3175 p,
1576 3068 1677 3176 quod
1706 3097 1750 3147 ex

166 3200 355 3277 elementis
385 3197 550 3274 theoriae
580 3198 812 3275 residuorum
836 3215 1060 3304 potestatum
1087 3217 1244 3276 constat.
1299 3201 1487 3276 Habemus
1513 3204 1623 3303 igitur
1648 3226 1668 3276 e
1694 3216 1748 3276 ta·

163 3327 253 3403 bula
284 3353 394 3430 supra
428 3330 595 3429 apposita
627 3325 697 3403 hos
728 3352 900 3403 numeros
929 3330 1070 3431 primos
1096 3328 1237 3403 formae
1266 3340 1428 3421 0008-0-8,
1465 3354 1624 3432 quorum
1655 3370 1695 3386 -
1715 3349 1749 3401 00

163 3451 268 3531 radix
292 3457 478 3559 primitiva
504 3469 570 3529 est.

300 3658 353 3735 H.
400 3656 561 3734 Numeri
579 3668 691 3759 primi
714 3670 874 3745 0008-0-8,
898 3686 1058 3762 quorum
1088 3702 1128 3718 -
1147 3683 1182 3734 10
1208 3674 1261 3735 est
1285 3657 1400 3735 rader
1420 3670 1610 3762 primitiva.

231 3816 261 3867 8.
298 3816 344 3867 80.
383 3805 430 3867 08.
469 3809 518 3870 60.
556 3813 602 3869 00.
641 3814 686 3867 88.
708 3816 772 3871 000.
795 3815 857 3869 080.
880 3811 943 3869 088.
965 3817 1028 3874 080.
1051 3816 1114 3875 088.
1134 3817 1199 3872 000.
1219 3817 1284 3869 088.
1304 3815 1368 3871 800.
1389 3817 1454 3868 800.
1475 3808 1539 3872 800.
1560 3816 1624 3874 888.
1644 3807 1710 3869 080.

194 3901 260 3968 088.
280 3900 345 3962 008.
365 3902 430 3966 080.
450 3900 516 3968 008.
536 3909 601 3962 808.
621 3904 686 3963 888.
706 3909 772 3966 880.
791 3912 857 3970 888.
877 3904 942 3964 680.
963 3907 1027 3964 888.
1049 3908 1112 3969 008.
1134 3910 1197 3968 080.
1219 3912 1282 3968 800.
1304 3912 1368 3970 888.
1390 3911 1452 3964 888.
1472 3912 1539 3970 800.
1557 3912 1623 3971 808.
1643 3904 1709 3971 800.

236 4007 261 4056 1.

194 4004 280 4157 1039.
302 4098 384 4151 1123.
406 4098 487 4151 1151.
509 4092 591 4151 1163.
613 4098 694 4155 1187.
717 4098 798 4158 1279.
820 4102 902 4155 1283.
925 4098 1006 4157 1307.
1029 4100 1111 4161 1319.
1133 4101 1215 4160 1399.
1237 4092 1318 4157 1127.
1340 4092 1421 4160 1039.
1444 4093 1525 4157 1171.
1547 4103 1628 4156 1511.
1651 4101 1731 4155 1523.

196 4196 278 4253 1559.
300 4188 381 4250 1667.
403 4194 484 4251 1759.
506 4192 587 4251 1787.
609 4190 793 4250 1831.1867.
816 4195 896 4252 1871.
917 4196 999 4255 1907.
1022 4197 1103 4255 1999.
1123 4196 1206 4249 2003.
1228 4196 1310 4255 2027.
1330 4196 1413 4255 2039.
1434 4197 1516 4251 2083.
1538 4198 1620 4251 2111.
1641 4197 1723 4251 2203.

194 4292 278 4349 2239.
299 4281 383 4342 2203.
403 4284 486 4345 2267.
507 4280 590 4346 2317.
610 4289 693 4341 2351.
714 4290 796 4349 2399.

163 4462 304 4541 Rursus
329 4462 439 4563 igitur
463 4462 633 4538 novimus
659 4484 694 4537 08
721 4485 960 4536 numerorum
987 4464 1192 4564 primorum
1217 4460 1313 4536 inira
1337 4483 1408 4535 0800
1434 4459 1595 4537 radicem
1617 4466 1745 4566 primi·

162 4593 288 4684 tivam,
324 4584 424 4662 unde
450 4613 623 4663 numerus
648 4601 749 4662 totus
774 4613 1013 4663 numerorum
1038 4592 1243 4690 primorum
1267 4588 1362 4663 infra
1388 4612 1473 4682 0800,
1506 4615 1578 4693 pro
1611 4591 1745 4694 quibus

163 4716 289 4794 tabula
315 4712 631 4790 Burclrlrardiana
660 4717 799 4819 absque
832 4715 912 4791 ullo
944 4715 1121 4792 ulteriore
1154 4715 1298 4791 calculo
1330 4714 1492 4792 radicem
1523 4720 1745 4821 primitivam

162 4845 330 4948 praebet,
359 4857 415 4918 est
