4432 5700
1213 299 1455 378 Introductis.

1173 519 1488 600 m÷w=w3

536 726 656 806 usque
682 698 728 775 ad
755 699 910 775 limitem
936 723 1008 774 2500
1034 715 1172 775 restant
1197 702 1307 802 igitur
1330 714 1474 775 tantum
1494 716 1548 774 sss
1567 742 1607 758 -
1626 721 1678 773 221
1697 732 1742 769 =
1761 712 1814 775 stt
1835 703 1979 775 numeri
1997 702 2122 804 primi,

534 856 606 935 pro
640 831 776 933 quibus
808 826 911 902 radix
941 832 1126 932 primitiva
1157 825 1361 930 indaganda
1393 843 1460 903 est.
1514 825 1617 903 Inter
1642 850 1696 901 200
1724 842 1761 902 et
1787 849 1871 920 1000,
1909 830 2005 904 inter
2031 852 2128 931 quos

536 958 671 1033 limites
697 956 788 1031 mihi
815 954 861 1031 ad
887 956 1030 1031 tabulas
1055 982 1170 1032 novas
1190 954 1402 1031 condendas
1421 959 1566 1031 numeri
1585 958 1695 1058 primi
1722 950 1979 1031 considerandi
2004 970 2122 1047 erant,

535 1084 721 1160 habentur
747 1103 796 1180 26,
825 1109 896 1189 pro
924 1085 1058 1189 quibus
1089 1107 1178 1157 -10
1206 1082 1309 1159 radix
1334 1086 1519 1188 primitiva
1544 1098 1617 1177 est,
1648 1080 1748 1158 unde
1774 1086 1871 1159 inter
1896 1081 1965 1158 hos
1992 1082 2126 1158 limites

538 1231 677 1289 restant

1006 1325 1660 1392 m-b-m=m-m=m

537 1509 639 1585 Inter
667 1529 737 1581 1000
763 1523 801 1581 et
826 1529 899 1582 2⁵00
924 1523 1063 1583 restant
1090 1529 1144 1587 199
1160 1551 1202 1568 -
1222 1530 1255 1582 ss
1275 1550 1315 1567 -
1333 1522 1370 1581 ss
1394 1539 1439 1576 =
1462 1525 1511 1598 75,
1545 1531 1617 1610 pro
1653 1507 1788 1610 quibus
1814 1502 1918 1581 radix
1943 1506 2129 1608 primitiva

538 1632 745 1737 indaganda
772 1651 839 1709 est.

679 1761 790 1837 Ratio
809 1787 1048 1838 numerorum
1067 1778 1156 1839 sset
1176 1773 1226 1837 tis
1245 1763 1354 1837 nobis
1371 1757 1593 1866 persuadere
1609 1757 1768 1853 ridetur,
1790 1759 1943 1853 fierint,
1966 1763 2129 1834 numeris

538 1892 667 1994 primis
692 1915 810 1993 usque
836 1888 881 1964 ad
908 1890 1063 1965 limitem
1089 1893 1173 1965 satis
1199 1916 1372 1992 magnum
1399 1887 1651 1983 consideratis,
1681 1913 1855 1964 numerus
1875 1889 2042 1962 omnium
2059 1914 2127 1962 nu-

539 2043 729 2094 merorum
748 2021 966 2120 primorum,
995 2043 1066 2121 pro
1094 2018 1228 2121 quibus
1257 2041 1291 2091 to
1313 2033 1368 2093 est
1392 2015 1496 2091 radix
1513 2019 1712 2121 primitiva,
1740 2019 1787 2091 sit
1805 2018 1973 2119 proxime
1994 2011 2128 2119 duplus

539 2148 684 2222 numeri
701 2171 939 2221 numerorum
955 2149 1162 2251 primorum
1183 2158 1326 2233 ime-³,
1351 2168 1422 2247 pro
1445 2145 1579 2248 quibus
1610 2168 1705 2218 -10
1731 2139 1834 2218 radix
1853 2144 2037 2247 primitiva
2057 2156 2126 2216 est.

541 2270 699 2368 Quoties
731 2297 764 2347 10
802 2289 858 2349 est
887 2272 989 2348 radix
1019 2275 1203 2376 primitiva
1228 2274 1373 2346 numeri
1398 2275 1508 2377 primi
1539 2283 1706 2363 tm-t-t,
1741 2267 1905 2346 eiusdem
1933 2272 2004 2346 erit
2033 2313 2073 2326 -
2094 2289 2128 2342 to

541 2396 643 2474 radix
675 2403 859 2503 primitiva
892 2416 930 2475 et
959 2403 1039 2475 vice
1065 2425 1181 2475 versa.
1238 2397 1458 2476 Cuiusmodi
1489 2401 1632 2473 numeri
1657 2401 1768 2502 primi
1792 2421 1910 2501 usque
1936 2393 1982 2472 ad
2009 2417 2081 2471 2500
2106 2419 2128 2470 e

540 2525 705 2602 tabulaI
729 2524 913 2602 habentur
939 2543 987 2621 76,
1016 2523 1116 2601 unde
1143 2529 1301 2602 existunt
1328 2551 1447 2630 usque
1474 2524 1520 2601 ad
1546 2524 1646 2601 hune
1671 2525 1843 2601 limitem:

707 2729 851 2801 numeri
876 2728 987 2831 primi
1012 2738 1174 2822 tm-t-t,
1205 2736 1471 2832 quorumssto
1496 2723 1575 2802 rad.
1598 2728 1726 2830 prim,
1758 2780 1768 2798 .
1801 2779 1810 2799 .
1843 2779 1853 2797 .
1885 2777 1895 2799 .
1926 2740 1960 2801 76

924 2890 940 2919 0
1013 2865 1174 2948 im-t-s,
1284 2890 1300 2919 0
1436 2876 1547 2927 10»
1655 2873 1960 2945 ⁸,0000'l2

925 3017 942 3046 s
1016 2992 1177 3074 im-l-S,
1288 3017 1303 3045 ι·
1386 3003 1473 3053 -10
1534 3015 1550 3044 ¹·
1657 3014 1673 3042 s
1719 2998 1973 3070 ,....ts.

544 3180 715 3277 Quorum
748 3204 989 3253 numerorum
1019 3183 1180 3254 rationes
1211 3181 1458 3255 crescentibus
1489 3178 1667 3254 limitibus
1693 3176 1739 3254 ad
1766 3180 1944 3253 unitatem
1973 3201 2126 3251 conver·

543 3332 629 3411 gere
655 3306 763 3381 facile
790 3309 955 3381 coniicis.
1008 3304 1120 3382 Unde
1146 3310 1256 3381 etiam
1281 3311 1425 3382 numeri
1450 3310 1573 3411 primi,
1605 3331 1764 3409 quomm
1787 3326 1832 3388 -ι-
1846 3328 1880 3378 10
1907 3321 1944 3380 et
1967 3329 2127 3408 quorum

548 3478 588 3492 -
610 3457 643 3507 10
669 3431 772 3507 radix
796 3436 979 3536 primitiva
1007 3451 1073 3527 est,
1104 3431 1236 3509 eodem
1261 3437 1429 3538 proxime
1454 3458 1609 3508 numero
1637 3449 1756 3508 erunt.
1800 3431 2017 3508 Generalius
2037 3454 2126 3505 con·

543 3564 653 3636 iicere
680 3559 780 3653 licet,
810 3557 1012 3634 dummodo
1041 3561 1189 3654 limites,
1218 3565 1314 3636 inter
1339 3587 1433 3664 quos
1455 3564 1600 3636 numeri
1620 3563 1730 3663 primi
1750 3557 2041 3650 considerantur,
2071 3581 2128 3630 sa·

542 3691 589 3763 tis
617 3688 729 3791 ampli
755 3690 840 3780 sint,
867 3691 1035 3791 proxime
1063 3686 1156 3780 fieri,
1184 3704 1227 3762 ut
1252 3690 1395 3762 numeri
1419 3690 1543 3791 primi,
1573 3714 1733 3790 quorum
1753 3685 1857 3761 datus
1877 3710 2050 3760 numerus
2069 3709 2126 3758 ra·

544 3812 605 3890 dix
629 3818 812 3919 primitiva
838 3819 898 3909 sit,
932 3842 1002 3919 pro
1030 3815 1195 3890 omnibus
1220 3812 1312 3890 datis
1339 3816 1500 3890 numeris
1526 3839 1645 3916 aeque
1671 3813 1778 3888 multi
1803 3817 1970 3888 existant.

683 3942 735 4018 At
765 3942 891 4018 tabula
918 3940 1160 4017 Burclrhordi
1188 3969 1265 4017 non
1296 3958 1438 4017 tantum
1470 3968 1541 4045 pro
1567 3938 1604 4038 νζ*
1634 3943 1779 4015 circiter
1806 3941 1971 4015 omuium
1998 3963 2126 4013 nume·

544 4096 671 4144 rorum
695 4073 902 4173 primorum
927 4069 1021 4144 inira
1048 4093 1120 4143 2⁵00
1145 4068 1307 4144 radicem
1331 4072 1554 4173 primitivam
1582 4072 1751 4171 assignat,
1779 4065 1844 4143 sed
1870 4066 2030 4141 radicem
2050 4067 2125 4168 pri·

545 4199 708 4270 mitivam
741 4200 905 4270 omnium
936 4194 1282 4272 commodissimam.
1336 4192 1432 4270 Nam
1461 4220 1531 4300 pro
1557 4193 1680 4270 radice
1705 4196 1887 4299 primitiva
1912 4203 2006 4279 ,4:10
2032 4190 2125 4266 mul·

544 4322 834 4427 tiplicationibus
855 4321 900 4397 ad
921 4323 1111 4400 formanda
1129 4339 1353 4429 potestatum
1373 4321 1517 4398 residua
1536 4318 1807 4427 supersedetur.
1848 4320 2005 4397 Invento
2028 4322 2126 4394 enim

545 4453 736 4553 potestatis
761 4448 923 4543 residuo,
952 4468 995 4526 ut
1019 4455 1186 4555 proxime
1212 4452 1352 4525 altioris
1378 4451 1601 4543 obtineatur,
1630 4449 1686 4523 illi
1712 4465 1856 4523 tantum
1881 4451 1966 4522 zoro
1992 4445 2125 4522 adscri-

544 4575 710 4651 bendum
737 4581 805 4652 erit
832 4595 869 4654 et
894 4576 1072 4655 divisione
1097 4605 1212 4682 perp
1232 4577 1326 4653 saeta
1349 4575 1537 4652 residuum
1557 4574 1824 4680 quaerendum,
1852 4579 2003 4678 insuper
2021 4577 2125 4676 signo

546 4719 701 4797 mutato,
735 4708 766 4778 si
796 4730 889 4779 -10
921 4721 976 4782 est
1007 4703 1110 4780 radix
1142 4708 1336 4810 primitiva.
1393 4703 1518 4801 Quare
1531 4720 1668 4808 ‘totum
1700 4707 1888 4806 negotium
1913 4699 2126 4776 inveniendi

546 4846 770 4935 potestatum
795 4835 939 4908 numeri
968 4856 1001 4906 to
1028 4830 1171 4908 residua
1199 4858 1219 4908 e
1251 4830 1428 4909 divisione
1453 4858 1522 4937 per
1547 4829 1672 4906 datum
1698 4856 1891 4906 numerum
1916 4832 2076 4931 primum
2098 4856 2125 4930 p
